@misc{1,
  doi = {10.1007/11241.1573-1383},
  url = {http://dx.doi.org/10.1007/11241.1573-1383},
  publisher = {Springer Science $\mathplus$ Business Media},
  title = {{Real-Time Systems}},
}
